---
---

@article{gelman1992,
    author={Gelman, Andrew and Rubin, Donald B.},
    title={Inference from Iterative Simulation Using Multiple Sequences},
    volume={7},
    DOI={10.1214/ss/1177011136},
    number={4},
    journal={Statistical Science},
    year={1992},
    pages={457-472}
}
