---
---

@article{gelman1992,
    author={Gelman, Andrew and Rubin, Donald B.},
    title={Inference from Iterative Simulation Using Multiple Sequences},
    volume={7},
    DOI={10.1214/ss/1177011136},
    number={4},
    journal={Statistical Science},
    year={1992},
    pages={457-472}
},

@article{eddelbuettel2011,
    title = {{Rcpp}: Seamless {R} and {C++} Integration},
    author = {Dirk Eddelbuettel and Romain Fran\c{c}ois},
    journal = {Journal of Statistical Software},
    year = {2011},
    volume = {40},
    number = {8},
    pages = {1--18},
    url = {http://www.jstatsoft.org/v40/i08/},
}
